%YAML 1.1
%TAG !u! tag:unity3d.com,2011:
--- !u!1 &1561118983222025172
GameObject:
  m_ObjectHideFlags: 0
  m_CorrespondingSourceObject: {fileID: 0}
  m_PrefabInstance: {fileID: 0}
  m_PrefabAsset: {fileID: 0}
  serializedVersion: 6
  m_Component:
  - component: {fileID: 5528571373112401175}
  - component: {fileID: 2333837487126090997}
  m_Layer: 0
  m_Name: PR_Projectile2
  m_TagString: Untagged
  m_Icon: {fileID: 0}
  m_NavMeshLayer: 0
  m_StaticEditorFlags: 0
  m_IsActive: 1
--- !u!4 &5528571373112401175
Transform:
  m_ObjectHideFlags: 0
  m_CorrespondingSourceObject: {fileID: 0}
  m_PrefabInstance: {fileID: 0}
  m_PrefabAsset: {fileID: 0}
  m_GameObject: {fileID: 1561118983222025172}
  m_LocalRotation: {x: 0, y: 0, z: 0, w: 1}
  m_LocalPosition: {x: 0, y: 0, z: 0}
  m_LocalScale: {x: 1, y: 1, z: 1}
  m_Children:
  - {fileID: 398911406124716862}
  - {fileID: 5017599115853831645}
  m_Father: {fileID: 0}
  m_RootOrder: 0
  m_LocalEulerAnglesHint: {x: 0, y: 0, z: 0}
--- !u!114 &2333837487126090997
MonoBehaviour:
  m_ObjectHideFlags: 0
  m_CorrespondingSourceObject: {fileID: 0}
  m_PrefabInstance: {fileID: 0}
  m_PrefabAsset: {fileID: 0}
  m_GameObject: {fileID: 1561118983222025172}
  m_Enabled: 1
  m_EditorHideFlags: 0
  m_Script: {fileID: 11500000, guid: 0b92f4b01d4b6fb428f00118b916b6fd, type: 3}
  m_Name: 
  m_EditorClassIdentifier: 
  AreaMarkerGameObject: {fileID: 381643132677702143, guid: e82d7e6f9c5d7bc4ba04c31360ca81f5,
    type: 3}
  ExplosionParticlesGameObject: {fileID: 6895999344452799426, guid: 9dc26ec02863e4b42a288d54f742acab,
    type: 3}
  myTrail: {fileID: 2117589232367035389}
  target: {fileID: 0}
  owner: {fileID: 0}
  origin: {x: 0, y: 0, z: 0}
  targetPosition: {x: 0, y: 0, z: 0}
  speed: 20
  explosionRadius: 3
  spread: 2
  damage: 50
  areaMarker: {fileID: 0}
  traveling: 0
--- !u!82 &7770708754117897410
AudioSource:
  m_ObjectHideFlags: 0
  m_CorrespondingSourceObject: {fileID: 0}
  m_PrefabInstance: {fileID: 0}
  m_PrefabAsset: {fileID: 0}
  m_GameObject: {fileID: 2117589232367035389}
  m_Enabled: 1
  serializedVersion: 4
  OutputAudioMixerGroup: {fileID: 0}
  m_audioClip: {fileID: 0}
  m_PlayOnAwake: 1
  m_Volume: 1
  m_Pitch: 0.6
  Loop: 0
  Mute: 0
  Spatialize: 0
  SpatializePostEffects: 0
  Priority: 128
  DopplerLevel: 1
  MinDistance: 1
  MaxDistance: 500
  Pan2D: 0
  rolloffMode: 0
  BypassEffects: 0
  BypassListenerEffects: 0
  BypassReverbZones: 0
  rolloffCustomCurve:
    serializedVersion: 2
    m_Curve:
    - serializedVersion: 3
      time: 0
      value: 1
      inSlope: 0
      outSlope: 0
      tangentMode: 0
      weightedMode: 0
      inWeight: 0.33333334
      outWeight: 0.33333334
    - serializedVersion: 3
      time: 1
      value: 0
      inSlope: 0
      outSlope: 0
      tangentMode: 0
      weightedMode: 0
      inWeight: 0.33333334
      outWeight: 0.33333334
    m_PreInfinity: 2
    m_PostInfinity: 2
    m_RotationOrder: 4
  panLevelCustomCurve:
    serializedVersion: 2
    m_Curve:
    - serializedVersion: 3
      time: 0
      value: 1
      inSlope: 0
      outSlope: 0
      tangentMode: 0
      weightedMode: 0
      inWeight: 0.33333334
      outWeight: 0.33333334
    m_PreInfinity: 2
    m_PostInfinity: 2
    m_RotationOrder: 4
  spreadCustomCurve:
    serializedVersion: 2
    m_Curve:
    - serializedVersion: 3
      time: 0
      value: 0
      inSlope: 0
      outSlope: 0
      tangentMode: 0
      weightedMode: 0
      inWeight: 0.33333334
      outWeight: 0.33333334
    m_PreInfinity: 2
    m_PostInfinity: 2
    m_RotationOrder: 4
  reverbZoneMixCustomCurve:
    serializedVersion: 2
    m_Curve:
    - serializedVersion: 3
      time: 0
      value: 1
      inSlope: 0
      outSlope: 0
      tangentMode: 0
      weightedMode: 0
      inWeight: 0.33333334
      outWeight: 0.33333334
    m_PreInfinity: 2
    m_PostInfinity: 2
    m_RotationOrder: 4
--- !u!114 &2932015403727882887
MonoBehaviour:
  m_ObjectHideFlags: 0
  m_CorrespondingSourceObject: {fileID: 0}
  m_PrefabInstance: {fileID: 0}
  m_PrefabAsset: {fileID: 0}
  m_GameObject: {fileID: 2117589232367035389}
  m_Enabled: 1
  m_EditorHideFlags: 0
  m_Script: {fileID: 11500000, guid: a35e3806e17cac442a3ef145a167de1e, type: 3}
  m_Name: 
  m_EditorClassIdentifier: 
  ExplosionAudio: {fileID: 8300000, guid: ec26f473a9163d34f87893d508af02fa, type: 3}
--- !u!1001 &214926971973412572
PrefabInstance:
  m_ObjectHideFlags: 0
  serializedVersion: 2
  m_Modification:
    m_TransformParent: {fileID: 5528571373112401175}
    m_Modifications:
    - target: {fileID: 6895999344452799426, guid: da896203612831245a8031cabec039d5,
        type: 3}
      propertyPath: m_Name
      value: PS_Burst_MageTower2
      objectReference: {fileID: 0}
    - target: {fileID: 5141286953184410369, guid: da896203612831245a8031cabec039d5,
        type: 3}
      propertyPath: m_LocalPosition.x
      value: 0
      objectReference: {fileID: 0}
    - target: {fileID: 5141286953184410369, guid: da896203612831245a8031cabec039d5,
        type: 3}
      propertyPath: m_LocalPosition.y
      value: 0
      objectReference: {fileID: 0}
    - target: {fileID: 5141286953184410369, guid: da896203612831245a8031cabec039d5,
        type: 3}
      propertyPath: m_LocalPosition.z
      value: 0
      objectReference: {fileID: 0}
    - target: {fileID: 5141286953184410369, guid: da896203612831245a8031cabec039d5,
        type: 3}
      propertyPath: m_LocalRotation.x
      value: -0.7071068
      objectReference: {fileID: 0}
    - target: {fileID: 5141286953184410369, guid: da896203612831245a8031cabec039d5,
        type: 3}
      propertyPath: m_LocalRotation.y
      value: 0
      objectReference: {fileID: 0}
    - target: {fileID: 5141286953184410369, guid: da896203612831245a8031cabec039d5,
        type: 3}
      propertyPath: m_LocalRotation.z
      value: 0
      objectReference: {fileID: 0}
    - target: {fileID: 5141286953184410369, guid: da896203612831245a8031cabec039d5,
        type: 3}
      propertyPath: m_LocalRotation.w
      value: 0.7071068
      objectReference: {fileID: 0}
    - target: {fileID: 5141286953184410369, guid: da896203612831245a8031cabec039d5,
        type: 3}
      propertyPath: m_RootOrder
      value: 1
      objectReference: {fileID: 0}
    - target: {fileID: 5141286953184410369, guid: da896203612831245a8031cabec039d5,
        type: 3}
      propertyPath: m_LocalEulerAnglesHint.x
      value: -90
      objectReference: {fileID: 0}
    - target: {fileID: 5141286953184410369, guid: da896203612831245a8031cabec039d5,
        type: 3}
      propertyPath: m_LocalEulerAnglesHint.y
      value: 0
      objectReference: {fileID: 0}
    - target: {fileID: 5141286953184410369, guid: da896203612831245a8031cabec039d5,
        type: 3}
      propertyPath: m_LocalEulerAnglesHint.z
      value: 0
      objectReference: {fileID: 0}
    m_RemovedComponents: []
  m_SourcePrefab: {fileID: 100100000, guid: da896203612831245a8031cabec039d5, type: 3}
--- !u!4 &5017599115853831645 stripped
Transform:
  m_CorrespondingSourceObject: {fileID: 5141286953184410369, guid: da896203612831245a8031cabec039d5,
    type: 3}
  m_PrefabInstance: {fileID: 214926971973412572}
  m_PrefabAsset: {fileID: 0}
--- !u!1001 &4814544753943275583
PrefabInstance:
  m_ObjectHideFlags: 0
  serializedVersion: 2
  m_Modification:
    m_TransformParent: {fileID: 5528571373112401175}
    m_Modifications:
    - target: {fileID: 5141286953184410369, guid: f6f8c79f5b8da5b4a97219a4dcfb07e6,
        type: 3}
      propertyPath: m_LocalPosition.x
      value: 0
      objectReference: {fileID: 0}
    - target: {fileID: 5141286953184410369, guid: f6f8c79f5b8da5b4a97219a4dcfb07e6,
        type: 3}
      propertyPath: m_LocalPosition.y
      value: 0
      objectReference: {fileID: 0}
    - target: {fileID: 5141286953184410369, guid: f6f8c79f5b8da5b4a97219a4dcfb07e6,
        type: 3}
      propertyPath: m_LocalPosition.z
      value: 0
      objectReference: {fileID: 0}
    - target: {fileID: 5141286953184410369, guid: f6f8c79f5b8da5b4a97219a4dcfb07e6,
        type: 3}
      propertyPath: m_LocalRotation.x
      value: -0.7071068
      objectReference: {fileID: 0}
    - target: {fileID: 5141286953184410369, guid: f6f8c79f5b8da5b4a97219a4dcfb07e6,
        type: 3}
      propertyPath: m_LocalRotation.y
      value: 0
      objectReference: {fileID: 0}
    - target: {fileID: 5141286953184410369, guid: f6f8c79f5b8da5b4a97219a4dcfb07e6,
        type: 3}
      propertyPath: m_LocalRotation.z
      value: 0
      objectReference: {fileID: 0}
    - target: {fileID: 5141286953184410369, guid: f6f8c79f5b8da5b4a97219a4dcfb07e6,
        type: 3}
      propertyPath: m_LocalRotation.w
      value: 0.7071068
      objectReference: {fileID: 0}
    - target: {fileID: 5141286953184410369, guid: f6f8c79f5b8da5b4a97219a4dcfb07e6,
        type: 3}
      propertyPath: m_RootOrder
      value: 0
      objectReference: {fileID: 0}
    - target: {fileID: 5141286953184410369, guid: f6f8c79f5b8da5b4a97219a4dcfb07e6,
        type: 3}
      propertyPath: m_LocalEulerAnglesHint.x
      value: -90
      objectReference: {fileID: 0}
    - target: {fileID: 5141286953184410369, guid: f6f8c79f5b8da5b4a97219a4dcfb07e6,
        type: 3}
      propertyPath: m_LocalEulerAnglesHint.y
      value: 0
      objectReference: {fileID: 0}
    - target: {fileID: 5141286953184410369, guid: f6f8c79f5b8da5b4a97219a4dcfb07e6,
        type: 3}
      propertyPath: m_LocalEulerAnglesHint.z
      value: 0
      objectReference: {fileID: 0}
    - target: {fileID: 6895999344452799426, guid: f6f8c79f5b8da5b4a97219a4dcfb07e6,
        type: 3}
      propertyPath: m_Name
      value: Trail
      objectReference: {fileID: 0}
    - target: {fileID: 3772967508955691036, guid: f6f8c79f5b8da5b4a97219a4dcfb07e6,
        type: 3}
      propertyPath: InitialModule.startSize.minScalar
      value: 0.2
      objectReference: {fileID: 0}
    - target: {fileID: 3772967508955691036, guid: f6f8c79f5b8da5b4a97219a4dcfb07e6,
        type: 3}
      propertyPath: InitialModule.startSize.scalar
      value: 0.3
      objectReference: {fileID: 0}
    - target: {fileID: 3772967508955691036, guid: f6f8c79f5b8da5b4a97219a4dcfb07e6,
        type: 3}
      propertyPath: ShapeModule.radius.value
      value: 0.25
      objectReference: {fileID: 0}
    m_RemovedComponents: []
  m_SourcePrefab: {fileID: 100100000, guid: f6f8c79f5b8da5b4a97219a4dcfb07e6, type: 3}
--- !u!1 &2117589232367035389 stripped
GameObject:
  m_CorrespondingSourceObject: {fileID: 6895999344452799426, guid: f6f8c79f5b8da5b4a97219a4dcfb07e6,
    type: 3}
  m_PrefabInstance: {fileID: 4814544753943275583}
  m_PrefabAsset: {fileID: 0}
--- !u!4 &398911406124716862 stripped
Transform:
  m_CorrespondingSourceObject: {fileID: 5141286953184410369, guid: f6f8c79f5b8da5b4a97219a4dcfb07e6,
    type: 3}
  m_PrefabInstance: {fileID: 4814544753943275583}
  m_PrefabAsset: {fileID: 0}
