%YAML 1.1
%TAG !u! tag:unity3d.com,2011:
--- !u!1 &4533791671292605749
GameObject:
  m_ObjectHideFlags: 0
  m_CorrespondingSourceObject: {fileID: 0}
  m_PrefabInstance: {fileID: 0}
  m_PrefabAsset: {fileID: 0}
  serializedVersion: 6
  m_Component:
  - component: {fileID: 8743385745518635834}
  - component: {fileID: 3731668845162248922}
  - component: {fileID: 3094171206006162623}
  m_Layer: 0
  m_Name: Capsule Collider
  m_TagString: Untagged
  m_Icon: {fileID: 0}
  m_NavMeshLayer: 0
  m_StaticEditorFlags: 0
  m_IsActive: 1
--- !u!4 &8743385745518635834
Transform:
  m_ObjectHideFlags: 0
  m_CorrespondingSourceObject: {fileID: 0}
  m_PrefabInstance: {fileID: 0}
  m_PrefabAsset: {fileID: 0}
  m_GameObject: {fileID: 4533791671292605749}
  m_LocalRotation: {x: -0, y: -0, z: -0, w: 1}
  m_LocalPosition: {x: 0, y: 1, z: 0}
  m_LocalScale: {x: 1, y: 1, z: 1}
  m_Children: []
  m_Father: {fileID: 8215338674438909640}
  m_RootOrder: 1
  m_LocalEulerAnglesHint: {x: 0, y: 0, z: 0}
--- !u!33 &3731668845162248922
MeshFilter:
  m_ObjectHideFlags: 0
  m_CorrespondingSourceObject: {fileID: 0}
  m_PrefabInstance: {fileID: 0}
  m_PrefabAsset: {fileID: 0}
  m_GameObject: {fileID: 4533791671292605749}
  m_Mesh: {fileID: 10208, guid: 0000000000000000e000000000000000, type: 0}
--- !u!136 &3094171206006162623
CapsuleCollider:
  m_ObjectHideFlags: 0
  m_CorrespondingSourceObject: {fileID: 0}
  m_PrefabInstance: {fileID: 0}
  m_PrefabAsset: {fileID: 0}
  m_GameObject: {fileID: 4533791671292605749}
  m_Material: {fileID: 0}
  m_IsTrigger: 0
  m_Enabled: 1
  m_Radius: 0.5
  m_Height: 2
  m_Direction: 1
  m_Center: {x: 0, y: 0, z: 0}
--- !u!1 &6353760209190285036
GameObject:
  m_ObjectHideFlags: 0
  m_CorrespondingSourceObject: {fileID: 0}
  m_PrefabInstance: {fileID: 0}
  m_PrefabAsset: {fileID: 0}
  serializedVersion: 6
  m_Component:
  - component: {fileID: 8215338674438909640}
  - component: {fileID: 495922300296233210}
  - component: {fileID: 1764449065798619828}
  - component: {fileID: 6901814534032213970}
  m_Layer: 0
  m_Name: Unit
  m_TagString: Untagged
  m_Icon: {fileID: 0}
  m_NavMeshLayer: 0
  m_StaticEditorFlags: 0
  m_IsActive: 1
--- !u!4 &8215338674438909640
Transform:
  m_ObjectHideFlags: 0
  m_CorrespondingSourceObject: {fileID: 0}
  m_PrefabInstance: {fileID: 0}
  m_PrefabAsset: {fileID: 0}
  m_GameObject: {fileID: 6353760209190285036}
  m_LocalRotation: {x: 0, y: 0, z: 0, w: 1}
  m_LocalPosition: {x: 0, y: 0, z: 0}
  m_LocalScale: {x: 1, y: 1, z: 1}
  m_Children:
  - {fileID: 7025567470545757371}
  - {fileID: 8743385745518635834}
  m_Father: {fileID: 0}
  m_RootOrder: 0
  m_LocalEulerAnglesHint: {x: 0, y: 0, z: 0}
--- !u!114 &495922300296233210
MonoBehaviour:
  m_ObjectHideFlags: 0
  m_CorrespondingSourceObject: {fileID: 0}
  m_PrefabInstance: {fileID: 0}
  m_PrefabAsset: {fileID: 0}
  m_GameObject: {fileID: 6353760209190285036}
  m_Enabled: 1
  m_EditorHideFlags: 0
  m_Script: {fileID: 11500000, guid: 6afb025f4b5742744b35192583845867, type: 3}
  m_Name: 
  m_EditorClassIdentifier: 
  player: 1
  controller: 1
  baseSpeed: 5
  speed: 5
  rotationSpeed: 5
  buildings: []
  TileMarkerGameObject:
  - {fileID: 5447464709346265958, guid: 079bd9c51917fd04cbf013fa2b89c972, type: 3}
  - {fileID: 8793714637909027173, guid: 77cbb5a54ec022043ad4747c4e6a68c4, type: 3}
  focusedTile: {fileID: 0}
  buildingMode: 0
  buildingParticles: {fileID: 6895999344452799426, guid: e336af2e1e02e544ca5945018236c16b,
    type: 3}
  buildingAudio: {fileID: 8300000, guid: 5d8bbd793052c9f46bc19d48d81f0730, type: 3}
  uiBubbleGameObject: {fileID: 3749257043678447500, guid: b4e4583a051c6de4486df12fac6b3bcc,
    type: 3}
  bubble: {fileID: 0}
  uiResourceGameObject:
  - {fileID: 4112340928149250923, guid: e4d69bf64ef83604eb27925d929aa78d, type: 3}
  - {fileID: 4112340928149250923, guid: bcea7ff5e7a82804c94057da6f6f2106, type: 3}
  crystals: 185
  attackCost: 15
  maxHealth: 1000
  health: 0
  ouchAudio: {fileID: 8300000, guid: 50d67d5fc04c0c24eb4f6e111438179e, type: 3}
  unitMaterials:
  - {fileID: 2100000, guid: 6d3e9a3d17d70754abd84287c0312c5f, type: 2}
  - {fileID: 2100000, guid: e9d5eb34f1b39b14488fdc54937bb206, type: 2}
  unitModel: {fileID: 7025567470551070107}
  animator: {fileID: 7025567470555335515}
  pickingTime: 0
  type: 0
  mageHatMaterials:
  - {fileID: 2100000, guid: a35a6dd9bbe34d840a440a06c0f6a426, type: 2}
  - {fileID: 2100000, guid: c853843f5709c154eb81134b4af8a094, type: 2}
  MageHat: {fileID: 4606762663875927757}
  stepSound: {fileID: 8300000, guid: a4a85e4929ce39943a104234b7e2b05e, type: 3}
  droneAvatars:
  - {fileID: 21300000, guid: 8c355112ebab2344582e54dd6e071daf, type: 3}
  - {fileID: 21300000, guid: b8ad6e38c5f107440845163054e5e943, type: 3}
  mageAvatars:
  - {fileID: 21300000, guid: 710ff5e6524dbbd4c87289aa803e705f, type: 3}
  - {fileID: 21300000, guid: d7dec4fcaa5717d4cbc24b0f872c9aaf, type: 3}
  spriteVacia: {fileID: 21300000, guid: 680a09ec71df13349a92c6a08c10004b, type: 3}
  spriteDeposito: {fileID: 21300000, guid: a6c39e1225bb17a4290fbe00d6cd47c9, type: 3}
  spriteMina: {fileID: 21300000, guid: bfb3f13b1ba6ddc4fb16593889000703, type: 3}
  spriteTorre: {fileID: 21300000, guid: 18839bda62d4daa4d9855020645db739, type: 3}
  spriteWorkshop: {fileID: 21300000, guid: 2f0b7b03173750644bd8c0e6c14dc201, type: 3}
--- !u!143 &1764449065798619828
CharacterController:
  m_ObjectHideFlags: 0
  m_CorrespondingSourceObject: {fileID: 0}
  m_PrefabInstance: {fileID: 0}
  m_PrefabAsset: {fileID: 0}
  m_GameObject: {fileID: 6353760209190285036}
  m_Material: {fileID: 0}
  m_IsTrigger: 0
  m_Enabled: 1
  serializedVersion: 2
  m_Height: 2
  m_Radius: 0.5
  m_SlopeLimit: 45
  m_StepOffset: 0.3
  m_SkinWidth: 0.08
  m_MinMoveDistance: 0.001
  m_Center: {x: 0, y: 1, z: 0}
--- !u!82 &6901814534032213970
AudioSource:
  m_ObjectHideFlags: 0
  m_CorrespondingSourceObject: {fileID: 0}
  m_PrefabInstance: {fileID: 0}
  m_PrefabAsset: {fileID: 0}
  m_GameObject: {fileID: 6353760209190285036}
  m_Enabled: 1
  serializedVersion: 4
  OutputAudioMixerGroup: {fileID: 0}
  m_audioClip: {fileID: 0}
  m_PlayOnAwake: 1
  m_Volume: 1
  m_Pitch: 1
  Loop: 0
  Mute: 0
  Spatialize: 0
  SpatializePostEffects: 0
  Priority: 128
  DopplerLevel: 1
  MinDistance: 1
  MaxDistance: 500
  Pan2D: 0
  rolloffMode: 0
  BypassEffects: 0
  BypassListenerEffects: 0
  BypassReverbZones: 0
  rolloffCustomCurve:
    serializedVersion: 2
    m_Curve:
    - serializedVersion: 3
      time: 0
      value: 1
      inSlope: 0
      outSlope: 0
      tangentMode: 0
      weightedMode: 0
      inWeight: 0.33333334
      outWeight: 0.33333334
    - serializedVersion: 3
      time: 1
      value: 0
      inSlope: 0
      outSlope: 0
      tangentMode: 0
      weightedMode: 0
      inWeight: 0.33333334
      outWeight: 0.33333334
    m_PreInfinity: 2
    m_PostInfinity: 2
    m_RotationOrder: 4
  panLevelCustomCurve:
    serializedVersion: 2
    m_Curve:
    - serializedVersion: 3
      time: 0
      value: 1
      inSlope: 0
      outSlope: 0
      tangentMode: 0
      weightedMode: 0
      inWeight: 0.33333334
      outWeight: 0.33333334
    m_PreInfinity: 2
    m_PostInfinity: 2
    m_RotationOrder: 4
  spreadCustomCurve:
    serializedVersion: 2
    m_Curve:
    - serializedVersion: 3
      time: 0
      value: 0
      inSlope: 0
      outSlope: 0
      tangentMode: 0
      weightedMode: 0
      inWeight: 0.33333334
      outWeight: 0.33333334
    m_PreInfinity: 2
    m_PostInfinity: 2
    m_RotationOrder: 4
  reverbZoneMixCustomCurve:
    serializedVersion: 2
    m_Curve:
    - serializedVersion: 3
      time: 0
      value: 1
      inSlope: 0
      outSlope: 0
      tangentMode: 0
      weightedMode: 0
      inWeight: 0.33333334
      outWeight: 0.33333334
    m_PreInfinity: 2
    m_PostInfinity: 2
    m_RotationOrder: 4
--- !u!82 &3308900108953259574
AudioSource:
  m_ObjectHideFlags: 0
  m_CorrespondingSourceObject: {fileID: 0}
  m_PrefabInstance: {fileID: 0}
  m_PrefabAsset: {fileID: 0}
  m_GameObject: {fileID: 7025567470545860763}
  m_Enabled: 1
  serializedVersion: 4
  OutputAudioMixerGroup: {fileID: 0}
  m_audioClip: {fileID: 8300000, guid: a4a85e4929ce39943a104234b7e2b05e, type: 3}
  m_PlayOnAwake: 0
  m_Volume: 0.5
  m_Pitch: 1
  Loop: 0
  Mute: 0
  Spatialize: 0
  SpatializePostEffects: 0
  Priority: 128
  DopplerLevel: 1
  MinDistance: 1
  MaxDistance: 500
  Pan2D: 0
  rolloffMode: 0
  BypassEffects: 0
  BypassListenerEffects: 0
  BypassReverbZones: 0
  rolloffCustomCurve:
    serializedVersion: 2
    m_Curve:
    - serializedVersion: 3
      time: 0
      value: 1
      inSlope: 0
      outSlope: 0
      tangentMode: 0
      weightedMode: 0
      inWeight: 0.33333334
      outWeight: 0.33333334
    - serializedVersion: 3
      time: 1
      value: 0
      inSlope: 0
      outSlope: 0
      tangentMode: 0
      weightedMode: 0
      inWeight: 0.33333334
      outWeight: 0.33333334
    m_PreInfinity: 2
    m_PostInfinity: 2
    m_RotationOrder: 4
  panLevelCustomCurve:
    serializedVersion: 2
    m_Curve:
    - serializedVersion: 3
      time: 0
      value: 1
      inSlope: 0
      outSlope: 0
      tangentMode: 0
      weightedMode: 0
      inWeight: 0.33333334
      outWeight: 0.33333334
    m_PreInfinity: 2
    m_PostInfinity: 2
    m_RotationOrder: 4
  spreadCustomCurve:
    serializedVersion: 2
    m_Curve:
    - serializedVersion: 3
      time: 0
      value: 0
      inSlope: 0
      outSlope: 0
      tangentMode: 0
      weightedMode: 0
      inWeight: 0.33333334
      outWeight: 0.33333334
    m_PreInfinity: 2
    m_PostInfinity: 2
    m_RotationOrder: 4
  reverbZoneMixCustomCurve:
    serializedVersion: 2
    m_Curve:
    - serializedVersion: 3
      time: 0
      value: 1
      inSlope: 0
      outSlope: 0
      tangentMode: 0
      weightedMode: 0
      inWeight: 0.33333334
      outWeight: 0.33333334
    m_PreInfinity: 2
    m_PostInfinity: 2
    m_RotationOrder: 4
--- !u!114 &721373059205625194
MonoBehaviour:
  m_ObjectHideFlags: 0
  m_CorrespondingSourceObject: {fileID: 0}
  m_PrefabInstance: {fileID: 0}
  m_PrefabAsset: {fileID: 0}
  m_GameObject: {fileID: 7025567470545860763}
  m_Enabled: 1
  m_EditorHideFlags: 0
  m_Script: {fileID: 11500000, guid: dc5b3ff760b3e164097c8377ab90afb1, type: 3}
  m_Name: 
  m_EditorClassIdentifier: 
  stepClip: {fileID: 8300000, guid: a4a85e4929ce39943a104234b7e2b05e, type: 3}
--- !u!136 &9139545285722891708
CapsuleCollider:
  m_ObjectHideFlags: 0
  m_CorrespondingSourceObject: {fileID: 0}
  m_PrefabInstance: {fileID: 0}
  m_PrefabAsset: {fileID: 0}
  m_GameObject: {fileID: 7025567470545860847}
  m_Material: {fileID: 0}
  m_IsTrigger: 0
  m_Enabled: 1
  m_Radius: 0.5
  m_Height: 1
  m_Direction: 1
  m_Center: {x: 0, y: 0, z: -0.17}
--- !u!1001 &4606762663875893357
PrefabInstance:
  m_ObjectHideFlags: 0
  serializedVersion: 2
  m_Modification:
    m_TransformParent: {fileID: 7025567470545757373}
    m_Modifications:
    - target: {fileID: 100000, guid: 0c5d918a79a1fce41b83a74267298418, type: 3}
      propertyPath: m_Name
      value: SM_MageHat
      objectReference: {fileID: 0}
    - target: {fileID: 100000, guid: 0c5d918a79a1fce41b83a74267298418, type: 3}
      propertyPath: m_IsActive
      value: 1
      objectReference: {fileID: 0}
    - target: {fileID: 400000, guid: 0c5d918a79a1fce41b83a74267298418, type: 3}
      propertyPath: m_LocalPosition.x
      value: 0.014
      objectReference: {fileID: 0}
    - target: {fileID: 400000, guid: 0c5d918a79a1fce41b83a74267298418, type: 3}
      propertyPath: m_LocalPosition.y
      value: -0.107
      objectReference: {fileID: 0}
    - target: {fileID: 400000, guid: 0c5d918a79a1fce41b83a74267298418, type: 3}
      propertyPath: m_LocalPosition.z
      value: 0.196
      objectReference: {fileID: 0}
    - target: {fileID: 400000, guid: 0c5d918a79a1fce41b83a74267298418, type: 3}
      propertyPath: m_LocalRotation.x
      value: -0.8313248
      objectReference: {fileID: 0}
    - target: {fileID: 400000, guid: 0c5d918a79a1fce41b83a74267298418, type: 3}
      propertyPath: m_LocalRotation.y
      value: 0.000072863855
      objectReference: {fileID: 0}
    - target: {fileID: 400000, guid: 0c5d918a79a1fce41b83a74267298418, type: 3}
      propertyPath: m_LocalRotation.z
      value: 0.053189766
      objectReference: {fileID: 0}
    - target: {fileID: 400000, guid: 0c5d918a79a1fce41b83a74267298418, type: 3}
      propertyPath: m_LocalRotation.w
      value: 0.5532359
      objectReference: {fileID: 0}
    - target: {fileID: 400000, guid: 0c5d918a79a1fce41b83a74267298418, type: 3}
      propertyPath: m_RootOrder
      value: 0
      objectReference: {fileID: 0}
    - target: {fileID: 400000, guid: 0c5d918a79a1fce41b83a74267298418, type: 3}
      propertyPath: m_LocalEulerAnglesHint.x
      value: -66.903
      objectReference: {fileID: 0}
    - target: {fileID: 400000, guid: 0c5d918a79a1fce41b83a74267298418, type: 3}
      propertyPath: m_LocalEulerAnglesHint.y
      value: -166.983
      objectReference: {fileID: 0}
    - target: {fileID: 400000, guid: 0c5d918a79a1fce41b83a74267298418, type: 3}
      propertyPath: m_LocalEulerAnglesHint.z
      value: 171.389
      objectReference: {fileID: 0}
    - target: {fileID: 2300000, guid: 0c5d918a79a1fce41b83a74267298418, type: 3}
      propertyPath: m_Materials.Array.data[0]
      value: 
      objectReference: {fileID: 2100000, guid: a35a6dd9bbe34d840a440a06c0f6a426, type: 2}
    m_RemovedComponents: []
  m_SourcePrefab: {fileID: 100100000, guid: 0c5d918a79a1fce41b83a74267298418, type: 3}
--- !u!1 &4606762663875927757 stripped
GameObject:
  m_CorrespondingSourceObject: {fileID: 100000, guid: 0c5d918a79a1fce41b83a74267298418,
    type: 3}
  m_PrefabInstance: {fileID: 4606762663875893357}
  m_PrefabAsset: {fileID: 0}
--- !u!1001 &7025567470545894971
PrefabInstance:
  m_ObjectHideFlags: 0
  serializedVersion: 2
  m_Modification:
    m_TransformParent: {fileID: 8215338674438909640}
    m_Modifications:
    - target: {fileID: 100000, guid: f822bb974d1ae664ab585961e6fff778, type: 3}
      propertyPath: m_Name
      value: Unit_Idle
      objectReference: {fileID: 0}
    - target: {fileID: 400000, guid: f822bb974d1ae664ab585961e6fff778, type: 3}
      propertyPath: m_LocalPosition.x
      value: 0
      objectReference: {fileID: 0}
    - target: {fileID: 400000, guid: f822bb974d1ae664ab585961e6fff778, type: 3}
      propertyPath: m_LocalPosition.y
      value: 0
      objectReference: {fileID: 0}
    - target: {fileID: 400000, guid: f822bb974d1ae664ab585961e6fff778, type: 3}
      propertyPath: m_LocalPosition.z
      value: 0
      objectReference: {fileID: 0}
    - target: {fileID: 400000, guid: f822bb974d1ae664ab585961e6fff778, type: 3}
      propertyPath: m_LocalRotation.x
      value: 0
      objectReference: {fileID: 0}
    - target: {fileID: 400000, guid: f822bb974d1ae664ab585961e6fff778, type: 3}
      propertyPath: m_LocalRotation.y
      value: 0
      objectReference: {fileID: 0}
    - target: {fileID: 400000, guid: f822bb974d1ae664ab585961e6fff778, type: 3}
      propertyPath: m_LocalRotation.z
      value: 0
      objectReference: {fileID: 0}
    - target: {fileID: 400000, guid: f822bb974d1ae664ab585961e6fff778, type: 3}
      propertyPath: m_LocalRotation.w
      value: 1
      objectReference: {fileID: 0}
    - target: {fileID: 400000, guid: f822bb974d1ae664ab585961e6fff778, type: 3}
      propertyPath: m_RootOrder
      value: 0
      objectReference: {fileID: 0}
    - target: {fileID: 400000, guid: f822bb974d1ae664ab585961e6fff778, type: 3}
      propertyPath: m_LocalEulerAnglesHint.x
      value: 0
      objectReference: {fileID: 0}
    - target: {fileID: 400000, guid: f822bb974d1ae664ab585961e6fff778, type: 3}
      propertyPath: m_LocalEulerAnglesHint.y
      value: 0
      objectReference: {fileID: 0}
    - target: {fileID: 400000, guid: f822bb974d1ae664ab585961e6fff778, type: 3}
      propertyPath: m_LocalEulerAnglesHint.z
      value: 0
      objectReference: {fileID: 0}
    - target: {fileID: 13700000, guid: f822bb974d1ae664ab585961e6fff778, type: 3}
      propertyPath: m_Materials.Array.data[0]
      value: 
      objectReference: {fileID: 2100000, guid: 6d3e9a3d17d70754abd84287c0312c5f, type: 2}
    - target: {fileID: 9500000, guid: f822bb974d1ae664ab585961e6fff778, type: 3}
      propertyPath: m_Controller
      value: 
      objectReference: {fileID: 9100000, guid: 2baf31de337f0264c894dbd4cb0dfca4, type: 2}
    m_RemovedComponents: []
  m_SourcePrefab: {fileID: 100100000, guid: f822bb974d1ae664ab585961e6fff778, type: 3}
--- !u!1 &7025567470545860763 stripped
GameObject:
  m_CorrespondingSourceObject: {fileID: 100000, guid: f822bb974d1ae664ab585961e6fff778,
    type: 3}
  m_PrefabInstance: {fileID: 7025567470545894971}
  m_PrefabAsset: {fileID: 0}
--- !u!4 &7025567470545757371 stripped
Transform:
  m_CorrespondingSourceObject: {fileID: 400000, guid: f822bb974d1ae664ab585961e6fff778,
    type: 3}
  m_PrefabInstance: {fileID: 7025567470545894971}
  m_PrefabAsset: {fileID: 0}
--- !u!95 &7025567470555335515 stripped
Animator:
  m_CorrespondingSourceObject: {fileID: 9500000, guid: f822bb974d1ae664ab585961e6fff778,
    type: 3}
  m_PrefabInstance: {fileID: 7025567470545894971}
  m_PrefabAsset: {fileID: 0}
--- !u!137 &7025567470551070107 stripped
SkinnedMeshRenderer:
  m_CorrespondingSourceObject: {fileID: 13700000, guid: f822bb974d1ae664ab585961e6fff778,
    type: 3}
  m_PrefabInstance: {fileID: 7025567470545894971}
  m_PrefabAsset: {fileID: 0}
--- !u!1 &7025567470545860847 stripped
GameObject:
  m_CorrespondingSourceObject: {fileID: 100052, guid: f822bb974d1ae664ab585961e6fff778,
    type: 3}
  m_PrefabInstance: {fileID: 7025567470545894971}
  m_PrefabAsset: {fileID: 0}
--- !u!4 &7025567470545757373 stripped
Transform:
  m_CorrespondingSourceObject: {fileID: 400006, guid: f822bb974d1ae664ab585961e6fff778,
    type: 3}
  m_PrefabInstance: {fileID: 7025567470545894971}
  m_PrefabAsset: {fileID: 0}
