%YAML 1.1
%TAG !u! tag:unity3d.com,2011:
--- !u!1 &1401520163142514271
GameObject:
  m_ObjectHideFlags: 0
  m_CorrespondingSourceObject: {fileID: 0}
  m_PrefabInstance: {fileID: 0}
  m_PrefabAsset: {fileID: 0}
  serializedVersion: 6
  m_Component:
  - component: {fileID: 956300932043337154}
  - component: {fileID: 3207527435149847045}
  - component: {fileID: 1122471743860559812}
  m_Layer: 0
  m_Name: PR_BWorkshop_1
  m_TagString: Untagged
  m_Icon: {fileID: 0}
  m_NavMeshLayer: 0
  m_StaticEditorFlags: 0
  m_IsActive: 1
--- !u!4 &956300932043337154
Transform:
  m_ObjectHideFlags: 0
  m_CorrespondingSourceObject: {fileID: 0}
  m_PrefabInstance: {fileID: 0}
  m_PrefabAsset: {fileID: 0}
  m_GameObject: {fileID: 1401520163142514271}
  m_LocalRotation: {x: 0, y: 0, z: 0, w: 1}
  m_LocalPosition: {x: 0, y: 0, z: 0}
  m_LocalScale: {x: 1, y: 1, z: 1}
  m_Children:
  - {fileID: 95384135145194173}
  - {fileID: 7774034729419999563}
  - {fileID: 6011135632224249282}
  - {fileID: 7859453308261768535}
  - {fileID: 6257965943511916124}
  - {fileID: 7172854751657746473}
  - {fileID: 3154684388694074771}
  - {fileID: 8142734155263351165}
  - {fileID: 1780511970676504516}
  - {fileID: 4136392401506621583}
  - {fileID: 6529449972397133995}
  m_Father: {fileID: 0}
  m_RootOrder: 0
  m_LocalEulerAnglesHint: {x: 0, y: 0, z: 0}
--- !u!65 &3207527435149847045
BoxCollider:
  m_ObjectHideFlags: 0
  m_CorrespondingSourceObject: {fileID: 0}
  m_PrefabInstance: {fileID: 0}
  m_PrefabAsset: {fileID: 0}
  m_GameObject: {fileID: 1401520163142514271}
  m_Material: {fileID: 0}
  m_IsTrigger: 0
  m_Enabled: 1
  serializedVersion: 2
  m_Size: {x: 3, y: 6, z: 2.5}
  m_Center: {x: 0, y: 2, z: -0.34}
--- !u!114 &1122471743860559812
MonoBehaviour:
  m_ObjectHideFlags: 0
  m_CorrespondingSourceObject: {fileID: 0}
  m_PrefabInstance: {fileID: 0}
  m_PrefabAsset: {fileID: 0}
  m_GameObject: {fileID: 1401520163142514271}
  m_Enabled: 1
  m_EditorHideFlags: 0
  m_Script: {fileID: 11500000, guid: 77ac40c338a8b3f40af10ac2a3a2fe85, type: 3}
  m_Name: 
  m_EditorClassIdentifier: 
  type: 2
  owner: {fileID: 0}
  tile: {fileID: 0}
  usable: 0
  ColorableParts:
  - {fileID: 7859453308261466485}
  - {fileID: 6011135632224352736}
  - {fileID: 7774034729420363113}
--- !u!1001 &95384135145592895
PrefabInstance:
  m_ObjectHideFlags: 0
  serializedVersion: 2
  m_Modification:
    m_TransformParent: {fileID: 956300932043337154}
    m_Modifications:
    - target: {fileID: 400002, guid: f191248e2315b7f41b3fc1385beb95c6, type: 3}
      propertyPath: m_LocalPosition.x
      value: -0.00027687
      objectReference: {fileID: 0}
    - target: {fileID: 400002, guid: f191248e2315b7f41b3fc1385beb95c6, type: 3}
      propertyPath: m_LocalPosition.y
      value: -0.01
      objectReference: {fileID: 0}
    - target: {fileID: 400002, guid: f191248e2315b7f41b3fc1385beb95c6, type: 3}
      propertyPath: m_LocalPosition.z
      value: 0.08
      objectReference: {fileID: 0}
    - target: {fileID: 400002, guid: f191248e2315b7f41b3fc1385beb95c6, type: 3}
      propertyPath: m_LocalRotation.x
      value: 0
      objectReference: {fileID: 0}
    - target: {fileID: 400002, guid: f191248e2315b7f41b3fc1385beb95c6, type: 3}
      propertyPath: m_LocalRotation.y
      value: -0
      objectReference: {fileID: 0}
    - target: {fileID: 400002, guid: f191248e2315b7f41b3fc1385beb95c6, type: 3}
      propertyPath: m_LocalRotation.z
      value: -0
      objectReference: {fileID: 0}
    - target: {fileID: 400002, guid: f191248e2315b7f41b3fc1385beb95c6, type: 3}
      propertyPath: m_LocalRotation.w
      value: 1
      objectReference: {fileID: 0}
    - target: {fileID: 400002, guid: f191248e2315b7f41b3fc1385beb95c6, type: 3}
      propertyPath: m_RootOrder
      value: 0
      objectReference: {fileID: 0}
    - target: {fileID: 400002, guid: f191248e2315b7f41b3fc1385beb95c6, type: 3}
      propertyPath: m_LocalEulerAnglesHint.x
      value: 0
      objectReference: {fileID: 0}
    - target: {fileID: 400002, guid: f191248e2315b7f41b3fc1385beb95c6, type: 3}
      propertyPath: m_LocalEulerAnglesHint.y
      value: 0
      objectReference: {fileID: 0}
    - target: {fileID: 400002, guid: f191248e2315b7f41b3fc1385beb95c6, type: 3}
      propertyPath: m_LocalEulerAnglesHint.z
      value: 0
      objectReference: {fileID: 0}
    - target: {fileID: 400002, guid: f191248e2315b7f41b3fc1385beb95c6, type: 3}
      propertyPath: m_LocalScale.x
      value: 0.48144
      objectReference: {fileID: 0}
    - target: {fileID: 400002, guid: f191248e2315b7f41b3fc1385beb95c6, type: 3}
      propertyPath: m_LocalScale.y
      value: 0.48144
      objectReference: {fileID: 0}
    - target: {fileID: 400002, guid: f191248e2315b7f41b3fc1385beb95c6, type: 3}
      propertyPath: m_LocalScale.z
      value: 0.48144
      objectReference: {fileID: 0}
    - target: {fileID: 100002, guid: f191248e2315b7f41b3fc1385beb95c6, type: 3}
      propertyPath: m_Name
      value: mesa_low
      objectReference: {fileID: 0}
    - target: {fileID: 2300000, guid: f191248e2315b7f41b3fc1385beb95c6, type: 3}
      propertyPath: m_Materials.Array.data[0]
      value: 
      objectReference: {fileID: 2100000, guid: 49367a05787517f42ab2b5d0c945c1eb, type: 2}
    m_RemovedComponents: []
  m_SourcePrefab: {fileID: 100100000, guid: f191248e2315b7f41b3fc1385beb95c6, type: 3}
--- !u!4 &95384135145194173 stripped
Transform:
  m_CorrespondingSourceObject: {fileID: 400002, guid: f191248e2315b7f41b3fc1385beb95c6,
    type: 3}
  m_PrefabInstance: {fileID: 95384135145592895}
  m_PrefabAsset: {fileID: 0}
--- !u!1001 &1780511970676895046
PrefabInstance:
  m_ObjectHideFlags: 0
  serializedVersion: 2
  m_Modification:
    m_TransformParent: {fileID: 956300932043337154}
    m_Modifications:
    - target: {fileID: 400002, guid: bcce14f14309dbd4dbba2a57c7b5df48, type: 3}
      propertyPath: m_LocalPosition.x
      value: -0.116
      objectReference: {fileID: 0}
    - target: {fileID: 400002, guid: bcce14f14309dbd4dbba2a57c7b5df48, type: 3}
      propertyPath: m_LocalPosition.y
      value: 0.226
      objectReference: {fileID: 0}
    - target: {fileID: 400002, guid: bcce14f14309dbd4dbba2a57c7b5df48, type: 3}
      propertyPath: m_LocalPosition.z
      value: -1.37
      objectReference: {fileID: 0}
    - target: {fileID: 400002, guid: bcce14f14309dbd4dbba2a57c7b5df48, type: 3}
      propertyPath: m_LocalRotation.x
      value: 0
      objectReference: {fileID: 0}
    - target: {fileID: 400002, guid: bcce14f14309dbd4dbba2a57c7b5df48, type: 3}
      propertyPath: m_LocalRotation.y
      value: 0
      objectReference: {fileID: 0}
    - target: {fileID: 400002, guid: bcce14f14309dbd4dbba2a57c7b5df48, type: 3}
      propertyPath: m_LocalRotation.z
      value: 0
      objectReference: {fileID: 0}
    - target: {fileID: 400002, guid: bcce14f14309dbd4dbba2a57c7b5df48, type: 3}
      propertyPath: m_LocalRotation.w
      value: 1
      objectReference: {fileID: 0}
    - target: {fileID: 400002, guid: bcce14f14309dbd4dbba2a57c7b5df48, type: 3}
      propertyPath: m_RootOrder
      value: 8
      objectReference: {fileID: 0}
    - target: {fileID: 400002, guid: bcce14f14309dbd4dbba2a57c7b5df48, type: 3}
      propertyPath: m_LocalEulerAnglesHint.x
      value: 0
      objectReference: {fileID: 0}
    - target: {fileID: 400002, guid: bcce14f14309dbd4dbba2a57c7b5df48, type: 3}
      propertyPath: m_LocalEulerAnglesHint.y
      value: 0
      objectReference: {fileID: 0}
    - target: {fileID: 400002, guid: bcce14f14309dbd4dbba2a57c7b5df48, type: 3}
      propertyPath: m_LocalEulerAnglesHint.z
      value: 0
      objectReference: {fileID: 0}
    - target: {fileID: 400002, guid: bcce14f14309dbd4dbba2a57c7b5df48, type: 3}
      propertyPath: m_LocalScale.x
      value: 0.1421725
      objectReference: {fileID: 0}
    - target: {fileID: 400002, guid: bcce14f14309dbd4dbba2a57c7b5df48, type: 3}
      propertyPath: m_LocalScale.y
      value: 0.1421725
      objectReference: {fileID: 0}
    - target: {fileID: 400002, guid: bcce14f14309dbd4dbba2a57c7b5df48, type: 3}
      propertyPath: m_LocalScale.z
      value: 0.1421725
      objectReference: {fileID: 0}
    - target: {fileID: 100002, guid: bcce14f14309dbd4dbba2a57c7b5df48, type: 3}
      propertyPath: m_Name
      value: SM_Block (3)
      objectReference: {fileID: 0}
    - target: {fileID: 2300000, guid: bcce14f14309dbd4dbba2a57c7b5df48, type: 3}
      propertyPath: m_Materials.Array.data[0]
      value: 
      objectReference: {fileID: 2100000, guid: a2afa44181be9794bb10fbd7c7bd84c2, type: 2}
    m_RemovedComponents: []
  m_SourcePrefab: {fileID: 100100000, guid: bcce14f14309dbd4dbba2a57c7b5df48, type: 3}
--- !u!4 &1780511970676504516 stripped
Transform:
  m_CorrespondingSourceObject: {fileID: 400002, guid: bcce14f14309dbd4dbba2a57c7b5df48,
    type: 3}
  m_PrefabInstance: {fileID: 1780511970676895046}
  m_PrefabAsset: {fileID: 0}
--- !u!1001 &3154684388693950225
PrefabInstance:
  m_ObjectHideFlags: 0
  serializedVersion: 2
  m_Modification:
    m_TransformParent: {fileID: 956300932043337154}
    m_Modifications:
    - target: {fileID: 400002, guid: bcce14f14309dbd4dbba2a57c7b5df48, type: 3}
      propertyPath: m_LocalPosition.x
      value: 0.363
      objectReference: {fileID: 0}
    - target: {fileID: 400002, guid: bcce14f14309dbd4dbba2a57c7b5df48, type: 3}
      propertyPath: m_LocalPosition.y
      value: 0.767
      objectReference: {fileID: 0}
    - target: {fileID: 400002, guid: bcce14f14309dbd4dbba2a57c7b5df48, type: 3}
      propertyPath: m_LocalPosition.z
      value: 0.57
      objectReference: {fileID: 0}
    - target: {fileID: 400002, guid: bcce14f14309dbd4dbba2a57c7b5df48, type: 3}
      propertyPath: m_LocalRotation.x
      value: -0
      objectReference: {fileID: 0}
    - target: {fileID: 400002, guid: bcce14f14309dbd4dbba2a57c7b5df48, type: 3}
      propertyPath: m_LocalRotation.y
      value: 0.12563047
      objectReference: {fileID: 0}
    - target: {fileID: 400002, guid: bcce14f14309dbd4dbba2a57c7b5df48, type: 3}
      propertyPath: m_LocalRotation.z
      value: -0
      objectReference: {fileID: 0}
    - target: {fileID: 400002, guid: bcce14f14309dbd4dbba2a57c7b5df48, type: 3}
      propertyPath: m_LocalRotation.w
      value: 0.9920771
      objectReference: {fileID: 0}
    - target: {fileID: 400002, guid: bcce14f14309dbd4dbba2a57c7b5df48, type: 3}
      propertyPath: m_RootOrder
      value: 6
      objectReference: {fileID: 0}
    - target: {fileID: 400002, guid: bcce14f14309dbd4dbba2a57c7b5df48, type: 3}
      propertyPath: m_LocalEulerAnglesHint.x
      value: 0
      objectReference: {fileID: 0}
    - target: {fileID: 400002, guid: bcce14f14309dbd4dbba2a57c7b5df48, type: 3}
      propertyPath: m_LocalEulerAnglesHint.y
      value: 14.434001
      objectReference: {fileID: 0}
    - target: {fileID: 400002, guid: bcce14f14309dbd4dbba2a57c7b5df48, type: 3}
      propertyPath: m_LocalEulerAnglesHint.z
      value: 0
      objectReference: {fileID: 0}
    - target: {fileID: 400002, guid: bcce14f14309dbd4dbba2a57c7b5df48, type: 3}
      propertyPath: m_LocalScale.x
      value: 0.1421725
      objectReference: {fileID: 0}
    - target: {fileID: 400002, guid: bcce14f14309dbd4dbba2a57c7b5df48, type: 3}
      propertyPath: m_LocalScale.y
      value: 0.1421725
      objectReference: {fileID: 0}
    - target: {fileID: 400002, guid: bcce14f14309dbd4dbba2a57c7b5df48, type: 3}
      propertyPath: m_LocalScale.z
      value: 0.1421725
      objectReference: {fileID: 0}
    - target: {fileID: 100002, guid: bcce14f14309dbd4dbba2a57c7b5df48, type: 3}
      propertyPath: m_Name
      value: SM_Block (1)
      objectReference: {fileID: 0}
    - target: {fileID: 2300000, guid: bcce14f14309dbd4dbba2a57c7b5df48, type: 3}
      propertyPath: m_Materials.Array.data[0]
      value: 
      objectReference: {fileID: 2100000, guid: a2afa44181be9794bb10fbd7c7bd84c2, type: 2}
    m_RemovedComponents: []
  m_SourcePrefab: {fileID: 100100000, guid: bcce14f14309dbd4dbba2a57c7b5df48, type: 3}
--- !u!4 &3154684388694074771 stripped
Transform:
  m_CorrespondingSourceObject: {fileID: 400002, guid: bcce14f14309dbd4dbba2a57c7b5df48,
    type: 3}
  m_PrefabInstance: {fileID: 3154684388693950225}
  m_PrefabAsset: {fileID: 0}
--- !u!1001 &4136392401506484749
PrefabInstance:
  m_ObjectHideFlags: 0
  serializedVersion: 2
  m_Modification:
    m_TransformParent: {fileID: 956300932043337154}
    m_Modifications:
    - target: {fileID: 400002, guid: bcce14f14309dbd4dbba2a57c7b5df48, type: 3}
      propertyPath: m_LocalPosition.x
      value: 0.798
      objectReference: {fileID: 0}
    - target: {fileID: 400002, guid: bcce14f14309dbd4dbba2a57c7b5df48, type: 3}
      propertyPath: m_LocalPosition.y
      value: 0.226
      objectReference: {fileID: 0}
    - target: {fileID: 400002, guid: bcce14f14309dbd4dbba2a57c7b5df48, type: 3}
      propertyPath: m_LocalPosition.z
      value: -1.439
      objectReference: {fileID: 0}
    - target: {fileID: 400002, guid: bcce14f14309dbd4dbba2a57c7b5df48, type: 3}
      propertyPath: m_LocalRotation.x
      value: -0
      objectReference: {fileID: 0}
    - target: {fileID: 400002, guid: bcce14f14309dbd4dbba2a57c7b5df48, type: 3}
      propertyPath: m_LocalRotation.y
      value: 0.15099086
      objectReference: {fileID: 0}
    - target: {fileID: 400002, guid: bcce14f14309dbd4dbba2a57c7b5df48, type: 3}
      propertyPath: m_LocalRotation.z
      value: -0
      objectReference: {fileID: 0}
    - target: {fileID: 400002, guid: bcce14f14309dbd4dbba2a57c7b5df48, type: 3}
      propertyPath: m_LocalRotation.w
      value: 0.98853517
      objectReference: {fileID: 0}
    - target: {fileID: 400002, guid: bcce14f14309dbd4dbba2a57c7b5df48, type: 3}
      propertyPath: m_RootOrder
      value: 9
      objectReference: {fileID: 0}
    - target: {fileID: 400002, guid: bcce14f14309dbd4dbba2a57c7b5df48, type: 3}
      propertyPath: m_LocalEulerAnglesHint.x
      value: 0
      objectReference: {fileID: 0}
    - target: {fileID: 400002, guid: bcce14f14309dbd4dbba2a57c7b5df48, type: 3}
      propertyPath: m_LocalEulerAnglesHint.y
      value: 17.369001
      objectReference: {fileID: 0}
    - target: {fileID: 400002, guid: bcce14f14309dbd4dbba2a57c7b5df48, type: 3}
      propertyPath: m_LocalEulerAnglesHint.z
      value: 0
      objectReference: {fileID: 0}
    - target: {fileID: 400002, guid: bcce14f14309dbd4dbba2a57c7b5df48, type: 3}
      propertyPath: m_LocalScale.x
      value: 0.1421725
      objectReference: {fileID: 0}
    - target: {fileID: 400002, guid: bcce14f14309dbd4dbba2a57c7b5df48, type: 3}
      propertyPath: m_LocalScale.y
      value: 0.1421725
      objectReference: {fileID: 0}
    - target: {fileID: 400002, guid: bcce14f14309dbd4dbba2a57c7b5df48, type: 3}
      propertyPath: m_LocalScale.z
      value: 0.1421725
      objectReference: {fileID: 0}
    - target: {fileID: 100002, guid: bcce14f14309dbd4dbba2a57c7b5df48, type: 3}
      propertyPath: m_Name
      value: SM_Block (4)
      objectReference: {fileID: 0}
    - target: {fileID: 2300000, guid: bcce14f14309dbd4dbba2a57c7b5df48, type: 3}
      propertyPath: m_Materials.Array.data[0]
      value: 
      objectReference: {fileID: 2100000, guid: a2afa44181be9794bb10fbd7c7bd84c2, type: 2}
    m_RemovedComponents: []
  m_SourcePrefab: {fileID: 100100000, guid: bcce14f14309dbd4dbba2a57c7b5df48, type: 3}
--- !u!4 &4136392401506621583 stripped
Transform:
  m_CorrespondingSourceObject: {fileID: 400002, guid: bcce14f14309dbd4dbba2a57c7b5df48,
    type: 3}
  m_PrefabInstance: {fileID: 4136392401506484749}
  m_PrefabAsset: {fileID: 0}
--- !u!1001 &6011135632224386882
PrefabInstance:
  m_ObjectHideFlags: 0
  serializedVersion: 2
  m_Modification:
    m_TransformParent: {fileID: 956300932043337154}
    m_Modifications:
    - target: {fileID: 400000, guid: 33f1979ac655fe644abcb1854acc9631, type: 3}
      propertyPath: m_LocalPosition.x
      value: 0.71869
      objectReference: {fileID: 0}
    - target: {fileID: 400000, guid: 33f1979ac655fe644abcb1854acc9631, type: 3}
      propertyPath: m_LocalPosition.y
      value: 1.37134
      objectReference: {fileID: 0}
    - target: {fileID: 400000, guid: 33f1979ac655fe644abcb1854acc9631, type: 3}
      propertyPath: m_LocalPosition.z
      value: -0.4288131
      objectReference: {fileID: 0}
    - target: {fileID: 400000, guid: 33f1979ac655fe644abcb1854acc9631, type: 3}
      propertyPath: m_LocalRotation.x
      value: -0.3986381
      objectReference: {fileID: 0}
    - target: {fileID: 400000, guid: 33f1979ac655fe644abcb1854acc9631, type: 3}
      propertyPath: m_LocalRotation.y
      value: -0.83371335
      objectReference: {fileID: 0}
    - target: {fileID: 400000, guid: 33f1979ac655fe644abcb1854acc9631, type: 3}
      propertyPath: m_LocalRotation.z
      value: -0.24769336
      objectReference: {fileID: 0}
    - target: {fileID: 400000, guid: 33f1979ac655fe644abcb1854acc9631, type: 3}
      propertyPath: m_LocalRotation.w
      value: 0.29095992
      objectReference: {fileID: 0}
    - target: {fileID: 400000, guid: 33f1979ac655fe644abcb1854acc9631, type: 3}
      propertyPath: m_RootOrder
      value: 2
      objectReference: {fileID: 0}
    - target: {fileID: 400000, guid: 33f1979ac655fe644abcb1854acc9631, type: 3}
      propertyPath: m_LocalEulerAnglesHint.x
      value: -40.165
      objectReference: {fileID: 0}
    - target: {fileID: 400000, guid: 33f1979ac655fe644abcb1854acc9631, type: 3}
      propertyPath: m_LocalEulerAnglesHint.y
      value: -157.88701
      objectReference: {fileID: 0}
    - target: {fileID: 400000, guid: 33f1979ac655fe644abcb1854acc9631, type: 3}
      propertyPath: m_LocalEulerAnglesHint.z
      value: 42.937
      objectReference: {fileID: 0}
    - target: {fileID: 400000, guid: 33f1979ac655fe644abcb1854acc9631, type: 3}
      propertyPath: m_LocalScale.x
      value: 0.103036195
      objectReference: {fileID: 0}
    - target: {fileID: 400000, guid: 33f1979ac655fe644abcb1854acc9631, type: 3}
      propertyPath: m_LocalScale.y
      value: 0.103036195
      objectReference: {fileID: 0}
    - target: {fileID: 400000, guid: 33f1979ac655fe644abcb1854acc9631, type: 3}
      propertyPath: m_LocalScale.z
      value: 0.103036195
      objectReference: {fileID: 0}
    - target: {fileID: 100000, guid: 33f1979ac655fe644abcb1854acc9631, type: 3}
      propertyPath: m_Name
      value: SM_CrystalBuilding (1)
      objectReference: {fileID: 0}
    - target: {fileID: 2300000, guid: 33f1979ac655fe644abcb1854acc9631, type: 3}
      propertyPath: m_Materials.Array.data[0]
      value: 
      objectReference: {fileID: 2100000, guid: e07e97f08aa13d942a5ff56be53eeb1d, type: 2}
    m_RemovedComponents: []
  m_SourcePrefab: {fileID: 100100000, guid: 33f1979ac655fe644abcb1854acc9631, type: 3}
--- !u!4 &6011135632224249282 stripped
Transform:
  m_CorrespondingSourceObject: {fileID: 400000, guid: 33f1979ac655fe644abcb1854acc9631,
    type: 3}
  m_PrefabInstance: {fileID: 6011135632224386882}
  m_PrefabAsset: {fileID: 0}
--- !u!1 &6011135632224352736 stripped
GameObject:
  m_CorrespondingSourceObject: {fileID: 100002, guid: 33f1979ac655fe644abcb1854acc9631,
    type: 3}
  m_PrefabInstance: {fileID: 6011135632224386882}
  m_PrefabAsset: {fileID: 0}
--- !u!1001 &6257965943511778526
PrefabInstance:
  m_ObjectHideFlags: 0
  serializedVersion: 2
  m_Modification:
    m_TransformParent: {fileID: 956300932043337154}
    m_Modifications:
    - target: {fileID: 100002, guid: 1920f547fd389864ebbdf4a4a822c2b6, type: 3}
      propertyPath: m_Name
      value: PICO_LOW
      objectReference: {fileID: 0}
    - target: {fileID: 400002, guid: 1920f547fd389864ebbdf4a4a822c2b6, type: 3}
      propertyPath: m_LocalPosition.x
      value: -0.536412
      objectReference: {fileID: 0}
    - target: {fileID: 400002, guid: 1920f547fd389864ebbdf4a4a822c2b6, type: 3}
      propertyPath: m_LocalPosition.y
      value: 1.3948078
      objectReference: {fileID: 0}
    - target: {fileID: 400002, guid: 1920f547fd389864ebbdf4a4a822c2b6, type: 3}
      propertyPath: m_LocalPosition.z
      value: 0.21431985
      objectReference: {fileID: 0}
    - target: {fileID: 400002, guid: 1920f547fd389864ebbdf4a4a822c2b6, type: 3}
      propertyPath: m_LocalRotation.x
      value: 0.1384358
      objectReference: {fileID: 0}
    - target: {fileID: 400002, guid: 1920f547fd389864ebbdf4a4a822c2b6, type: 3}
      propertyPath: m_LocalRotation.y
      value: -0.28517082
      objectReference: {fileID: 0}
    - target: {fileID: 400002, guid: 1920f547fd389864ebbdf4a4a822c2b6, type: 3}
      propertyPath: m_LocalRotation.z
      value: -0.93965995
      objectReference: {fileID: 0}
    - target: {fileID: 400002, guid: 1920f547fd389864ebbdf4a4a822c2b6, type: 3}
      propertyPath: m_LocalRotation.w
      value: 0.12865593
      objectReference: {fileID: 0}
    - target: {fileID: 400002, guid: 1920f547fd389864ebbdf4a4a822c2b6, type: 3}
      propertyPath: m_RootOrder
      value: 4
      objectReference: {fileID: 0}
    - target: {fileID: 400002, guid: 1920f547fd389864ebbdf4a4a822c2b6, type: 3}
      propertyPath: m_LocalEulerAnglesHint.x
      value: 210.02
      objectReference: {fileID: 0}
    - target: {fileID: 400002, guid: 1920f547fd389864ebbdf4a4a822c2b6, type: 3}
      propertyPath: m_LocalEulerAnglesHint.y
      value: 157.343
      objectReference: {fileID: 0}
    - target: {fileID: 400002, guid: 1920f547fd389864ebbdf4a4a822c2b6, type: 3}
      propertyPath: m_LocalEulerAnglesHint.z
      value: 21.74199
      objectReference: {fileID: 0}
    - target: {fileID: 400002, guid: 1920f547fd389864ebbdf4a4a822c2b6, type: 3}
      propertyPath: m_LocalScale.x
      value: 0.2
      objectReference: {fileID: 0}
    - target: {fileID: 400002, guid: 1920f547fd389864ebbdf4a4a822c2b6, type: 3}
      propertyPath: m_LocalScale.y
      value: 0.2
      objectReference: {fileID: 0}
    - target: {fileID: 400002, guid: 1920f547fd389864ebbdf4a4a822c2b6, type: 3}
      propertyPath: m_LocalScale.z
      value: 0.2
      objectReference: {fileID: 0}
    - target: {fileID: 2300000, guid: 1920f547fd389864ebbdf4a4a822c2b6, type: 3}
      propertyPath: m_Materials.Array.data[0]
      value: 
      objectReference: {fileID: 2100000, guid: eb64f7ef25bf9964a9db7455decdcec7, type: 2}
    m_RemovedComponents: []
  m_SourcePrefab: {fileID: 100100000, guid: 1920f547fd389864ebbdf4a4a822c2b6, type: 3}
--- !u!4 &6257965943511916124 stripped
Transform:
  m_CorrespondingSourceObject: {fileID: 400002, guid: 1920f547fd389864ebbdf4a4a822c2b6,
    type: 3}
  m_PrefabInstance: {fileID: 6257965943511778526}
  m_PrefabAsset: {fileID: 0}
--- !u!1001 &6529449972397263401
PrefabInstance:
  m_ObjectHideFlags: 0
  serializedVersion: 2
  m_Modification:
    m_TransformParent: {fileID: 956300932043337154}
    m_Modifications:
    - target: {fileID: 400002, guid: bcce14f14309dbd4dbba2a57c7b5df48, type: 3}
      propertyPath: m_LocalPosition.x
      value: 0.402
      objectReference: {fileID: 0}
    - target: {fileID: 400002, guid: bcce14f14309dbd4dbba2a57c7b5df48, type: 3}
      propertyPath: m_LocalPosition.y
      value: 0.556
      objectReference: {fileID: 0}
    - target: {fileID: 400002, guid: bcce14f14309dbd4dbba2a57c7b5df48, type: 3}
      propertyPath: m_LocalPosition.z
      value: -1.37
      objectReference: {fileID: 0}
    - target: {fileID: 400002, guid: bcce14f14309dbd4dbba2a57c7b5df48, type: 3}
      propertyPath: m_LocalRotation.x
      value: 0
      objectReference: {fileID: 0}
    - target: {fileID: 400002, guid: bcce14f14309dbd4dbba2a57c7b5df48, type: 3}
      propertyPath: m_LocalRotation.y
      value: 0
      objectReference: {fileID: 0}
    - target: {fileID: 400002, guid: bcce14f14309dbd4dbba2a57c7b5df48, type: 3}
      propertyPath: m_LocalRotation.z
      value: 0
      objectReference: {fileID: 0}
    - target: {fileID: 400002, guid: bcce14f14309dbd4dbba2a57c7b5df48, type: 3}
      propertyPath: m_LocalRotation.w
      value: 1
      objectReference: {fileID: 0}
    - target: {fileID: 400002, guid: bcce14f14309dbd4dbba2a57c7b5df48, type: 3}
      propertyPath: m_RootOrder
      value: 10
      objectReference: {fileID: 0}
    - target: {fileID: 400002, guid: bcce14f14309dbd4dbba2a57c7b5df48, type: 3}
      propertyPath: m_LocalEulerAnglesHint.x
      value: 0
      objectReference: {fileID: 0}
    - target: {fileID: 400002, guid: bcce14f14309dbd4dbba2a57c7b5df48, type: 3}
      propertyPath: m_LocalEulerAnglesHint.y
      value: 0
      objectReference: {fileID: 0}
    - target: {fileID: 400002, guid: bcce14f14309dbd4dbba2a57c7b5df48, type: 3}
      propertyPath: m_LocalEulerAnglesHint.z
      value: 0
      objectReference: {fileID: 0}
    - target: {fileID: 400002, guid: bcce14f14309dbd4dbba2a57c7b5df48, type: 3}
      propertyPath: m_LocalScale.x
      value: 0.1421725
      objectReference: {fileID: 0}
    - target: {fileID: 400002, guid: bcce14f14309dbd4dbba2a57c7b5df48, type: 3}
      propertyPath: m_LocalScale.y
      value: 0.1421725
      objectReference: {fileID: 0}
    - target: {fileID: 400002, guid: bcce14f14309dbd4dbba2a57c7b5df48, type: 3}
      propertyPath: m_LocalScale.z
      value: 0.1421725
      objectReference: {fileID: 0}
    - target: {fileID: 100002, guid: bcce14f14309dbd4dbba2a57c7b5df48, type: 3}
      propertyPath: m_Name
      value: SM_Block (5)
      objectReference: {fileID: 0}
    - target: {fileID: 2300000, guid: bcce14f14309dbd4dbba2a57c7b5df48, type: 3}
      propertyPath: m_Materials.Array.data[0]
      value: 
      objectReference: {fileID: 2100000, guid: a2afa44181be9794bb10fbd7c7bd84c2, type: 2}
    m_RemovedComponents: []
  m_SourcePrefab: {fileID: 100100000, guid: bcce14f14309dbd4dbba2a57c7b5df48, type: 3}
--- !u!4 &6529449972397133995 stripped
Transform:
  m_CorrespondingSourceObject: {fileID: 400002, guid: bcce14f14309dbd4dbba2a57c7b5df48,
    type: 3}
  m_PrefabInstance: {fileID: 6529449972397263401}
  m_PrefabAsset: {fileID: 0}
--- !u!1001 &7172854751658146475
PrefabInstance:
  m_ObjectHideFlags: 0
  serializedVersion: 2
  m_Modification:
    m_TransformParent: {fileID: 956300932043337154}
    m_Modifications:
    - target: {fileID: 400002, guid: bcce14f14309dbd4dbba2a57c7b5df48, type: 3}
      propertyPath: m_LocalPosition.x
      value: 0.371
      objectReference: {fileID: 0}
    - target: {fileID: 400002, guid: bcce14f14309dbd4dbba2a57c7b5df48, type: 3}
      propertyPath: m_LocalPosition.y
      value: 0.315
      objectReference: {fileID: 0}
    - target: {fileID: 400002, guid: bcce14f14309dbd4dbba2a57c7b5df48, type: 3}
      propertyPath: m_LocalPosition.z
      value: 0.583
      objectReference: {fileID: 0}
    - target: {fileID: 400002, guid: bcce14f14309dbd4dbba2a57c7b5df48, type: 3}
      propertyPath: m_LocalRotation.x
      value: -0
      objectReference: {fileID: 0}
    - target: {fileID: 400002, guid: bcce14f14309dbd4dbba2a57c7b5df48, type: 3}
      propertyPath: m_LocalRotation.y
      value: 0.31397194
      objectReference: {fileID: 0}
    - target: {fileID: 400002, guid: bcce14f14309dbd4dbba2a57c7b5df48, type: 3}
      propertyPath: m_LocalRotation.z
      value: -0
      objectReference: {fileID: 0}
    - target: {fileID: 400002, guid: bcce14f14309dbd4dbba2a57c7b5df48, type: 3}
      propertyPath: m_LocalRotation.w
      value: 0.9494323
      objectReference: {fileID: 0}
    - target: {fileID: 400002, guid: bcce14f14309dbd4dbba2a57c7b5df48, type: 3}
      propertyPath: m_RootOrder
      value: 5
      objectReference: {fileID: 0}
    - target: {fileID: 400002, guid: bcce14f14309dbd4dbba2a57c7b5df48, type: 3}
      propertyPath: m_LocalEulerAnglesHint.x
      value: 0
      objectReference: {fileID: 0}
    - target: {fileID: 400002, guid: bcce14f14309dbd4dbba2a57c7b5df48, type: 3}
      propertyPath: m_LocalEulerAnglesHint.y
      value: 36.598003
      objectReference: {fileID: 0}
    - target: {fileID: 400002, guid: bcce14f14309dbd4dbba2a57c7b5df48, type: 3}
      propertyPath: m_LocalEulerAnglesHint.z
      value: 0
      objectReference: {fileID: 0}
    - target: {fileID: 400002, guid: bcce14f14309dbd4dbba2a57c7b5df48, type: 3}
      propertyPath: m_LocalScale.x
      value: 0.25
      objectReference: {fileID: 0}
    - target: {fileID: 400002, guid: bcce14f14309dbd4dbba2a57c7b5df48, type: 3}
      propertyPath: m_LocalScale.y
      value: 0.25
      objectReference: {fileID: 0}
    - target: {fileID: 400002, guid: bcce14f14309dbd4dbba2a57c7b5df48, type: 3}
      propertyPath: m_LocalScale.z
      value: 0.25
      objectReference: {fileID: 0}
    - target: {fileID: 100002, guid: bcce14f14309dbd4dbba2a57c7b5df48, type: 3}
      propertyPath: m_Name
      value: SM_Block
      objectReference: {fileID: 0}
    - target: {fileID: 2300000, guid: bcce14f14309dbd4dbba2a57c7b5df48, type: 3}
      propertyPath: m_Materials.Array.data[0]
      value: 
      objectReference: {fileID: 2100000, guid: a2afa44181be9794bb10fbd7c7bd84c2, type: 2}
    m_RemovedComponents: []
  m_SourcePrefab: {fileID: 100100000, guid: bcce14f14309dbd4dbba2a57c7b5df48, type: 3}
--- !u!4 &7172854751657746473 stripped
Transform:
  m_CorrespondingSourceObject: {fileID: 400002, guid: bcce14f14309dbd4dbba2a57c7b5df48,
    type: 3}
  m_PrefabInstance: {fileID: 7172854751658146475}
  m_PrefabAsset: {fileID: 0}
--- !u!1001 &7774034729420395467
PrefabInstance:
  m_ObjectHideFlags: 0
  serializedVersion: 2
  m_Modification:
    m_TransformParent: {fileID: 956300932043337154}
    m_Modifications:
    - target: {fileID: 400000, guid: 33f1979ac655fe644abcb1854acc9631, type: 3}
      propertyPath: m_LocalPosition.x
      value: -0.93748
      objectReference: {fileID: 0}
    - target: {fileID: 400000, guid: 33f1979ac655fe644abcb1854acc9631, type: 3}
      propertyPath: m_LocalPosition.y
      value: 1.37173
      objectReference: {fileID: 0}
    - target: {fileID: 400000, guid: 33f1979ac655fe644abcb1854acc9631, type: 3}
      propertyPath: m_LocalPosition.z
      value: -0.6726531
      objectReference: {fileID: 0}
    - target: {fileID: 400000, guid: 33f1979ac655fe644abcb1854acc9631, type: 3}
      propertyPath: m_LocalRotation.x
      value: -0.38700646
      objectReference: {fileID: 0}
    - target: {fileID: 400000, guid: 33f1979ac655fe644abcb1854acc9631, type: 3}
      propertyPath: m_LocalRotation.y
      value: 0.22619802
      objectReference: {fileID: 0}
    - target: {fileID: 400000, guid: 33f1979ac655fe644abcb1854acc9631, type: 3}
      propertyPath: m_LocalRotation.z
      value: 0.3702889
      objectReference: {fileID: 0}
    - target: {fileID: 400000, guid: 33f1979ac655fe644abcb1854acc9631, type: 3}
      propertyPath: m_LocalRotation.w
      value: 0.813601
      objectReference: {fileID: 0}
    - target: {fileID: 400000, guid: 33f1979ac655fe644abcb1854acc9631, type: 3}
      propertyPath: m_RootOrder
      value: 1
      objectReference: {fileID: 0}
    - target: {fileID: 400000, guid: 33f1979ac655fe644abcb1854acc9631, type: 3}
      propertyPath: m_LocalEulerAnglesHint.x
      value: -52.869003
      objectReference: {fileID: 0}
    - target: {fileID: 400000, guid: 33f1979ac655fe644abcb1854acc9631, type: 3}
      propertyPath: m_LocalEulerAnglesHint.y
      value: 7.7560005
      objectReference: {fileID: 0}
    - target: {fileID: 400000, guid: 33f1979ac655fe644abcb1854acc9631, type: 3}
      propertyPath: m_LocalEulerAnglesHint.z
      value: 45.083004
      objectReference: {fileID: 0}
    - target: {fileID: 400000, guid: 33f1979ac655fe644abcb1854acc9631, type: 3}
      propertyPath: m_LocalScale.x
      value: 0.08024
      objectReference: {fileID: 0}
    - target: {fileID: 400000, guid: 33f1979ac655fe644abcb1854acc9631, type: 3}
      propertyPath: m_LocalScale.y
      value: 0.08024
      objectReference: {fileID: 0}
    - target: {fileID: 400000, guid: 33f1979ac655fe644abcb1854acc9631, type: 3}
      propertyPath: m_LocalScale.z
      value: 0.08024
      objectReference: {fileID: 0}
    - target: {fileID: 100000, guid: 33f1979ac655fe644abcb1854acc9631, type: 3}
      propertyPath: m_Name
      value: SM_CrystalBuilding
      objectReference: {fileID: 0}
    - target: {fileID: 2300000, guid: 33f1979ac655fe644abcb1854acc9631, type: 3}
      propertyPath: m_Materials.Array.data[0]
      value: 
      objectReference: {fileID: 2100000, guid: e07e97f08aa13d942a5ff56be53eeb1d, type: 2}
    m_RemovedComponents: []
  m_SourcePrefab: {fileID: 100100000, guid: 33f1979ac655fe644abcb1854acc9631, type: 3}
--- !u!4 &7774034729419999563 stripped
Transform:
  m_CorrespondingSourceObject: {fileID: 400000, guid: 33f1979ac655fe644abcb1854acc9631,
    type: 3}
  m_PrefabInstance: {fileID: 7774034729420395467}
  m_PrefabAsset: {fileID: 0}
--- !u!1 &7774034729420363113 stripped
GameObject:
  m_CorrespondingSourceObject: {fileID: 100002, guid: 33f1979ac655fe644abcb1854acc9631,
    type: 3}
  m_PrefabInstance: {fileID: 7774034729420395467}
  m_PrefabAsset: {fileID: 0}
--- !u!1001 &7859453308261369815
PrefabInstance:
  m_ObjectHideFlags: 0
  serializedVersion: 2
  m_Modification:
    m_TransformParent: {fileID: 956300932043337154}
    m_Modifications:
    - target: {fileID: 400000, guid: 33f1979ac655fe644abcb1854acc9631, type: 3}
      propertyPath: m_LocalPosition.x
      value: 0.052682
      objectReference: {fileID: 0}
    - target: {fileID: 400000, guid: 33f1979ac655fe644abcb1854acc9631, type: 3}
      propertyPath: m_LocalPosition.y
      value: 1.36624
      objectReference: {fileID: 0}
    - target: {fileID: 400000, guid: 33f1979ac655fe644abcb1854acc9631, type: 3}
      propertyPath: m_LocalPosition.z
      value: -0.058013096
      objectReference: {fileID: 0}
    - target: {fileID: 400000, guid: 33f1979ac655fe644abcb1854acc9631, type: 3}
      propertyPath: m_LocalRotation.x
      value: -0.5081099
      objectReference: {fileID: 0}
    - target: {fileID: 400000, guid: 33f1979ac655fe644abcb1854acc9631, type: 3}
      propertyPath: m_LocalRotation.y
      value: -0.14309049
      objectReference: {fileID: 0}
    - target: {fileID: 400000, guid: 33f1979ac655fe644abcb1854acc9631, type: 3}
      propertyPath: m_LocalRotation.z
      value: 0.16944656
      objectReference: {fileID: 0}
    - target: {fileID: 400000, guid: 33f1979ac655fe644abcb1854acc9631, type: 3}
      propertyPath: m_LocalRotation.w
      value: 0.8322484
      objectReference: {fileID: 0}
    - target: {fileID: 400000, guid: 33f1979ac655fe644abcb1854acc9631, type: 3}
      propertyPath: m_RootOrder
      value: 3
      objectReference: {fileID: 0}
    - target: {fileID: 400000, guid: 33f1979ac655fe644abcb1854acc9631, type: 3}
      propertyPath: m_LocalEulerAnglesHint.x
      value: -52.869003
      objectReference: {fileID: 0}
    - target: {fileID: 400000, guid: 33f1979ac655fe644abcb1854acc9631, type: 3}
      propertyPath: m_LocalEulerAnglesHint.y
      value: -42.83
      objectReference: {fileID: 0}
    - target: {fileID: 400000, guid: 33f1979ac655fe644abcb1854acc9631, type: 3}
      propertyPath: m_LocalEulerAnglesHint.z
      value: 45.083004
      objectReference: {fileID: 0}
    - target: {fileID: 400000, guid: 33f1979ac655fe644abcb1854acc9631, type: 3}
      propertyPath: m_LocalScale.x
      value: 0.039754104
      objectReference: {fileID: 0}
    - target: {fileID: 400000, guid: 33f1979ac655fe644abcb1854acc9631, type: 3}
      propertyPath: m_LocalScale.y
      value: 0.039754104
      objectReference: {fileID: 0}
    - target: {fileID: 400000, guid: 33f1979ac655fe644abcb1854acc9631, type: 3}
      propertyPath: m_LocalScale.z
      value: 0.039754104
      objectReference: {fileID: 0}
    - target: {fileID: 100000, guid: 33f1979ac655fe644abcb1854acc9631, type: 3}
      propertyPath: m_Name
      value: SM_CrystalBuilding (2)
      objectReference: {fileID: 0}
    - target: {fileID: 2300000, guid: 33f1979ac655fe644abcb1854acc9631, type: 3}
      propertyPath: m_Materials.Array.data[0]
      value: 
      objectReference: {fileID: 2100000, guid: e07e97f08aa13d942a5ff56be53eeb1d, type: 2}
    m_RemovedComponents: []
  m_SourcePrefab: {fileID: 100100000, guid: 33f1979ac655fe644abcb1854acc9631, type: 3}
--- !u!4 &7859453308261768535 stripped
Transform:
  m_CorrespondingSourceObject: {fileID: 400000, guid: 33f1979ac655fe644abcb1854acc9631,
    type: 3}
  m_PrefabInstance: {fileID: 7859453308261369815}
  m_PrefabAsset: {fileID: 0}
--- !u!1 &7859453308261466485 stripped
GameObject:
  m_CorrespondingSourceObject: {fileID: 100002, guid: 33f1979ac655fe644abcb1854acc9631,
    type: 3}
  m_PrefabInstance: {fileID: 7859453308261369815}
  m_PrefabAsset: {fileID: 0}
--- !u!1001 &8142734155263738879
PrefabInstance:
  m_ObjectHideFlags: 0
  serializedVersion: 2
  m_Modification:
    m_TransformParent: {fileID: 956300932043337154}
    m_Modifications:
    - target: {fileID: 400002, guid: bcce14f14309dbd4dbba2a57c7b5df48, type: 3}
      propertyPath: m_LocalPosition.x
      value: -0.31
      objectReference: {fileID: 0}
    - target: {fileID: 400002, guid: bcce14f14309dbd4dbba2a57c7b5df48, type: 3}
      propertyPath: m_LocalPosition.y
      value: 1.262
      objectReference: {fileID: 0}
    - target: {fileID: 400002, guid: bcce14f14309dbd4dbba2a57c7b5df48, type: 3}
      propertyPath: m_LocalPosition.z
      value: -0.691
      objectReference: {fileID: 0}
    - target: {fileID: 400002, guid: bcce14f14309dbd4dbba2a57c7b5df48, type: 3}
      propertyPath: m_LocalRotation.x
      value: -0
      objectReference: {fileID: 0}
    - target: {fileID: 400002, guid: bcce14f14309dbd4dbba2a57c7b5df48, type: 3}
      propertyPath: m_LocalRotation.y
      value: 0.12563047
      objectReference: {fileID: 0}
    - target: {fileID: 400002, guid: bcce14f14309dbd4dbba2a57c7b5df48, type: 3}
      propertyPath: m_LocalRotation.z
      value: -0
      objectReference: {fileID: 0}
    - target: {fileID: 400002, guid: bcce14f14309dbd4dbba2a57c7b5df48, type: 3}
      propertyPath: m_LocalRotation.w
      value: 0.9920771
      objectReference: {fileID: 0}
    - target: {fileID: 400002, guid: bcce14f14309dbd4dbba2a57c7b5df48, type: 3}
      propertyPath: m_RootOrder
      value: 7
      objectReference: {fileID: 0}
    - target: {fileID: 400002, guid: bcce14f14309dbd4dbba2a57c7b5df48, type: 3}
      propertyPath: m_LocalEulerAnglesHint.x
      value: 0
      objectReference: {fileID: 0}
    - target: {fileID: 400002, guid: bcce14f14309dbd4dbba2a57c7b5df48, type: 3}
      propertyPath: m_LocalEulerAnglesHint.y
      value: 14.434001
      objectReference: {fileID: 0}
    - target: {fileID: 400002, guid: bcce14f14309dbd4dbba2a57c7b5df48, type: 3}
      propertyPath: m_LocalEulerAnglesHint.z
      value: 0
      objectReference: {fileID: 0}
    - target: {fileID: 400002, guid: bcce14f14309dbd4dbba2a57c7b5df48, type: 3}
      propertyPath: m_LocalScale.x
      value: 0.1421725
      objectReference: {fileID: 0}
    - target: {fileID: 400002, guid: bcce14f14309dbd4dbba2a57c7b5df48, type: 3}
      propertyPath: m_LocalScale.y
      value: 0.1421725
      objectReference: {fileID: 0}
    - target: {fileID: 400002, guid: bcce14f14309dbd4dbba2a57c7b5df48, type: 3}
      propertyPath: m_LocalScale.z
      value: 0.1421725
      objectReference: {fileID: 0}
    - target: {fileID: 100002, guid: bcce14f14309dbd4dbba2a57c7b5df48, type: 3}
      propertyPath: m_Name
      value: SM_Block (2)
      objectReference: {fileID: 0}
    - target: {fileID: 2300000, guid: bcce14f14309dbd4dbba2a57c7b5df48, type: 3}
      propertyPath: m_Materials.Array.data[0]
      value: 
      objectReference: {fileID: 2100000, guid: a2afa44181be9794bb10fbd7c7bd84c2, type: 2}
    m_RemovedComponents: []
  m_SourcePrefab: {fileID: 100100000, guid: bcce14f14309dbd4dbba2a57c7b5df48, type: 3}
--- !u!4 &8142734155263351165 stripped
Transform:
  m_CorrespondingSourceObject: {fileID: 400002, guid: bcce14f14309dbd4dbba2a57c7b5df48,
    type: 3}
  m_PrefabInstance: {fileID: 8142734155263738879}
  m_PrefabAsset: {fileID: 0}
